@misc{beal, title={entity-relationship diagram (model)}, url={https://www.webopedia.com/TERM/E/entity_relationship_diagram.html}, journal={What is Entity Relationship Diagram? Webopedia Definition}, author={Beal, Vangie}}